@misc{linkeduniversities,
  author = "members of Linked Universities",
  title = "Linked Universities",
  year = "2016",
  url = "http://linkeduniversities.org/index.html",
  note = "[Online; Stand 28. January 2016]"
}