@article{article:janssen2012benefits,
  title={Benefits, adoption barriers and myths of open data and open government},
  author={Janssen, Marijn and Charalabidis, Yannis and Zuiderwijk, Anneke},
  journal={Information Systems Management},
  volume={29},
  number={4},
  pages={258--268},
  year={2012},
  publisher={Taylor \& Francis}
}

@techreport{report:jacobs-i-2004--a,
  author = {Jacobs, Ian and Walsh, Norman},
  institution = {W3C},
  month = {15 dec},
  note = {http://www.w3.org/TR/2004/REC-webarch-20041215/},
  title = {Architecture of the {W}orld {W}ide {W}eb, {V}olume {O}ne},
  type = {W3C:rec},
  url = {http://www.w3.org/TR/2004/REC-webarch-20041215/},
  year = 2004
}

@article{artivle:bernerslee-t-2006-1,
  author = {Berners-Lee, Tim},
  journal = {W3C},
  number = {09/20},
  publisher = {ACM Press},
  title = {Linked Data - Design Issues},
  url = {http://www.w3.org/DesignIssues/LinkedData.html},
  year = 2006
}

@misc{url:linkeduniversities,
  author = {d'Aquin, Mathieu and Kessler, Carsten and Kauppinen, Tomi},
  title = "Linked Universities",
	howpublished = "\url{http://linkeduniversities.org/index.html}",
  year = {2014}, 
  note = "[accessed 24-February-2016]"
}

@misc{url:linked-universities-members,
  author = {d'Aquin, Mathieu and Kessler, Carsten and Kauppinen, Tomi},
  title = {{Members of Linked Universities}},
  howpublished = "\url{http://linkeduniversities.org/lu/index.php/members/index.html}",
  year = {2014}, 
  note = "[accessed 24-February-2016]"
}

@misc{url:lucero,
  author = {d'Aquin, Mathieu  and Zablith, Fouad  and Motta, Enrico  and Stephens, Owen and Brown, Stuart and Elahi, Salman and Nurse, Richard},
  title = {{LUCERO - Aims, Objectives and Final Outputs of the Project}},
  howpublished = "\url{http://lucero-project.info/lb/2010/06/lucero-aims-objectives-and-final-outputs-of-the-project/index.html}",
  year = {2010}, 
  note = "[accessed 29-February-2016]"
}

@misc{url:lucero-linked,
  author = {d'Aquin, Mathieu  and Zablith, Fouad  and Motta, Enrico  and Stephens, Owen and Brown, Stuart and Elahi, Salman and Nurse, Richard},
  title = {{The Commonwealth of Learning publishes a report on Linked Data for education based on the experience in LUCERO}},
  howpublished = "\url{http://lucero-project.info/lb/2012/07/the-commonwealth-of-learning-publishes-a-report-on-linked-data-for-education-based-on-the-experience-in-lucero/index.html}",
  year = {2010}, 
  note = "[accessed 29-February-2016]"
}

@misc{url:lucero-tabloid,
  author = {d'Aquin, Mathieu  and Zablith, Fouad  and Motta, Enrico  and Stephens, Owen and Brown, Stuart and Elahi, Salman and Nurse, Richard},
  title = {{The LUCERO Project: Tabloid}},
  howpublished = "\url{http://lucero-project.info/lb/tabloid/index.html}",
  year = {2010}, 
  note = "[accessed 07-March-2016]"
}

@misc{url:linked-universities-vocabularies,
  author = {d'Aquin, Mathieu  and Zablith, Fouad  and Motta, Enrico  and Stephens, Owen and Brown, Stuart and Elahi, Salman and Nurse, Richard},
  title = {{Linked Universities: Vocabularies}},
  howpublished = "\url{http://linkeduniversities.org/lu/index.php/vocabularies/index.html}",
  year = {2010}, 
  note = "[accessed 07-March-2016]"
}

@inproceedings{inproceedings:zablith_consuming_2011,
	address = {Bonn, Germany},
	title = {Consuming {Linked} {Data} within a {Large} {Educational} {Organization}},
	author = {Zablith, Fouad and d'Aquin, Mathieu and Brown, Stuart and Green-Hughes, Liam},
	year = {2011}
}

@BOOK{book:Post2002,
	AUTHOR = {Post, James E. AND Preston, Lee AND Sachs, Sybille},
	YEAR = {2002},
	TITLE = {Redefining the Corporation - Stakeholder Management and Organizational Wealth},
	EDITION = {New.},
	ISBN = {978-0-804-74310-5},
	PUBLISHER = {Stanford University Press},
	ADDRESS = {Stanford},
}

@misc{url:triplestore,
  author = {Rusher,  Jack},
  title = {TripleStore, Semantic Web Advanced Development for Europe (SWAD-Europe), Workshop on Semantic Web Storage and Retrieval - Position Papers},
  howpublished = "\url{https://www.w3.org/2001/sw/Europe/events/20031113-storage/positions/rusher.html}",
  year = {2003}, 
  note = "[accessed 07-March-2016]"
}

@article{jour:gruber,
    author = {Gruber, Thomas R.},
     title = {A translation approach to portable ontology specifications},
    journal = {Knowl. Acquis.},
    year = {1993},
    volume = {5},
    pages = {199--220},
    number = {2},
}

@article{jour:owl,
 author = {Bock, Conrad and Haase, Peter and Hoekstra, Rinke and Horrocks, Ian and Ruttenberg, Alan and Sattler, Uli and Smith, Mike},
  title = {{OWL 2 web ontology language structural specification and functional-style syntax}},
  journal = {W3C Recommendation, 2nd edn.(December 11, 2012)},
  year = {2008}
}